@incollection{bauer_babylonische_2021,
   address     = {Oldenburg},
   edition     = {1},
   title       = {Babylonische {Befindlichkeiten}. {Hans}-{Helmuth} {Bruns}’ ``{Babel} in {Deutschland}''},
   isbn        = {978-3-8142-2391-9},
   shorttitle  = {Babylonische {Befindlichkeiten}},
   url         = {http://oops.uni-oldenburg.de/5127/},
   language    = {German},
   booktitle   = {Oldenburger {Jahrbuch} für {Philosophie} 2019/2020},
   publisher   = {BIS-Verlag},
   author      = {Bauer, Alexander Max},
   editor      = {Bauer, Alexander Max and Baratella, Nils},
   year        = {2021},
   pages       = {283--290}
}

@incollection{bauer_vorwort_2021,
   address     = {Oldenburg},
   edition     = {1},
   title       = {Vorwort},
   isbn        = {978-3-8142-2391-9},
   url         = {http://oops.uni-oldenburg.de/5115/},
   language    = {German},
   booktitle   = {Oldenburger {Jahrbuch} für {Philosophie} 2019/2020},
   publisher   = {BIS-Verlag},
   author      = {Bauer, Alexander Max and Baratella, Nils},
   editor      = {Bauer, Alexander Max and Baratella, Nils},
   year        = {2021},
   pages       = {5}
}

@book{bauer_oldenburger_2021,
   address     = {Oldenburg},
   edition     = {1},
   title       = {Oldenburger {Jahrbuch} für {Philosophie} 2019/2020},
   isbn        = {978-3-8142-2391-9},
   url         = {https://uol.de/philosophie/aktuelles/oldenburger-jahrbuch-fuer-philosophie/},
   language    = {German},
   publisher   = {BIS-Verlag},
   editor      = {Bauer, Alexander Max and Baratella, Nils},
   year        = {2021}
}

@article{bauer_christian_2021,
   title       = {Christian {Neuhäuser}. {Wie} reich darf man sein? {Über} {Gier}, {Neid} und {Gerechtigkeit}},
   volume      = {75},
   issn        = {0044-3301},
   shorttitle  = {Christian {Neuhäuser}. {Wie} reich darf man sein?},
   url         = {https://doi.org/10.3196/004433021831839452},
   doi         = {10.3196/004433021831839452},
   language    = {German},
   number      = {1},
   journal     = {Zeitschrift für philosophische Forschung},
   author      = {Bauer, Alexander Max},
   year        = {2021},
   pages       = {160--164}
}

@article{bauer_sated_2021,
   title       = {Sated but {Thirsty}. {A} {Prolegomenon} to {Multidimensional} {Measures} of {Need}‐{Based} {Justice}},
   issn        = {1122-1151},
   shorttitle  = {Sated but {Thirsty}},
   url         = {https://doi.org/10.1007/s10516-021-09538-7},
   doi         = {10.1007/s10516-021-09538-7},
   language    = {English},
   journal     = {Axiomathes},
   author      = {Bauer, Alexander Max},
   year        = {2021}
}

@report{bauer_need_2020,
   address     = {Hamburg},
   title       = {Need, {Equity}, and {Accountability}. {Evidence} on {Third}-{Party} {Distributive} {Decisions} from an {Online} {Experiment}},
   shorttitle  = {Need, {Equity}, and {Accountability}},
   url         = {https://bedarfsgerechtigkeit.hsu-hh.de/dropbox/wp/2020-01.pdf/view/},
   language    = {English},
   number      = {2020-01},
   institution = {Helmut-Schmidt-Universität, Universität der Bundeswehr Hamburg},
   author      = {Bauer, Alexander Max and Meyer, Frauke and Romann, Jan and Siebel, Mark and Traub, Stefan},
   year        = {2020}
}

@misc{bauer_was_2020_1,
   title       = {``{Was} mache ich hier überhaupt?''. {Experimentelle} {Philosophie} zwischen {Lehnstuhl} und {Labor}},
   shorttitle  = {``{Was} mache ich hier überhaupt?''},
   url         = {https://www.praefaktisch.de/experimentelle-philosophie/was-mache-ich-hier-ueberhaupt-experimentelle-philosophie-zwischen-lehnstuhl-und-labor/},
   language    = {German},
   journal     = {praefaktisch.de},
   author      = {Bauer, Alexander Max},
   year        = {2020}
}

@misc{bauer_was_2020,
   title       = {``{Was} mache ich hier überhaupt?''. {Experimentelle} {Philosophie} zwischen {Lehnstuhl} und {Labor}},
   shorttitle  = {``{Was} mache ich hier überhaupt?''},
   url         = {https://www.philosophie.ch/blogartikel/highlights/philosophie-aktuell/was-mache-ich-hier-ueberhaupt/},
   language    = {German},
   journal     = {philosophie.ch},
   author      = {Bauer, Alexander Max},
   year        = {2020}
}

@incollection{bauer_epilogue_2020,
   address     = {Berlin and Boston},
   edition     = {1},
   title       = {Epilogue. {On} {Doxa} and {Aletheia}},
   isbn        = {978-3-11-061209-7},
   shorttitle  = {Epilogue},
   url         = {https://doi.org/10.1515/9783110613797-017},
   language    = {English},
   booktitle   = {Empirical {Research} and {Normative} {Theory}. {Transdisciplinary} {Perspectives} on {Two} {Methodical} {Traditions} {Between} {Separation} and {Interdependence}},
   publisher   = {Walter de Gruyter},
   author      = {Bauer, Alexander Max and Meyerhuber, Malte Ingo},
   editor      = {Bauer, Alexander Max and Meyerhuber, Malte Ingo},
   year        = {2020},
   pages       = {337--342}
}

@incollection{bauer_two_2020,
   address     = {Berlin and Boston},
   edition     = {1},
   title       = {Two {Worlds} on the {Brink} of {Colliding}. {On} the {Relationship} {Between} {Empirical} {Research} and {Normative} {Theory}},
   isbn        = {978-3-11-061209-7},
   shorttitle  = {Two {Worlds} on the {Brink} of {Colliding}},
   url         = {https://doi.org/10.1515/9783110613797-005},
   language    = {English},
   booktitle   = {Empirical {Research} and {Normative} {Theory}. {Transdisciplinary} {Perspectives} on {Two} {Methodical} {Traditions} {Between} {Separation} and {Interdependence}},
   publisher   = {Walter de Gruyter},
   author      = {Bauer, Alexander Max and Meyerhuber, Malte Ingo},
   editor      = {Bauer, Alexander Max and Meyerhuber, Malte Ingo},
   year        = {2020},
   pages       = {11--33}
}

@incollection{bauer_introduction_2020,
   address     = {Berlin and Boston},
   edition     = {1},
   title       = {Introduction},
   isbn        = {978-3-11-061209-7},
   url         = {https://doi.org/10.1515/9783110613797-004},
   language    = {English},
   booktitle   = {Empirical {Research} and {Normative} {Theory}. {Transdisciplinary} {Perspectives} on {Two} {Methodical} {Traditions} {Between} {Separation} and {Interdependence}},
   publisher   = {Walter de Gruyter},
   author      = {Bauer, Alexander Max and Meyerhuber, Malte Ingo},
   editor      = {Bauer, Alexander Max and Meyerhuber, Malte Ingo},
   year        = {2020},
   pages       = {1--10}
}

@incollection{bauer_preface_2020,
   address     = {Berlin and Boston},
   edition     = {1},
   title       = {Preface},
   isbn        = {978-3-11-061209-7},
   url         = {https://doi.org/10.1515/9783110613797-002},
   language    = {English},
   booktitle   = {Empirical {Research} and {Normative} {Theory}. {Transdisciplinary} {Perspectives} on {Two} {Methodical} {Traditions} {Between} {Separation} and {Interdependence}},
   publisher   = {Walter de Gruyter},
   author      = {Bauer, Alexander Max and Meyerhuber, Malte Ingo},
   editor      = {Bauer, Alexander Max and Meyerhuber, Malte Ingo},
   year        = {2020},
   pages       = {VII--VIII}
}

@book{bauer_empirical_2020,
   address     = {Berlin and Boston},
   edition     = {1},
   title       = {Empirical {Research} and {Normative} {Theory}. {Transdisciplinary} {Perspectives} on two {Methodical} {Traditions} {Between} {Separation} and {Interdependence}},
   isbn        = {978-3-11-061209-7},
   shorttitle  = {Empirical {Research} and {Normative} {Theory}},
   url         = {https://doi.org/10.1515/9783110613797},
   language    = {English},
   publisher   = {Walter de Gruyter},
   editor      = {Bauer, Alexander Max and Meyerhuber, Malte Ingo},
   year        = {2020}
}

@article{bauer_christian_2019,
   title       = {Christian {Neuhäuser}. {Reichtum} als moralisches {Problem}},
   volume      = {2},
   issn        = {2522-0063},
   shorttitle  = {Christian {Neuhäuser}},
   url         = {https://doi.org/10.1007/s42048-019-00046-3},
   doi         = {10.1007/s42048-019-00046-3},
   language    = {German},
   number      = {2},
   journal     = {Zeitschrift für Ethik und Moralphilosophie},
   author      = {Bauer, Alexander Max},
   year        = {2019},
   pages       = {381--385}
}

@incollection{bauer_epilog_2019,
   address     = {Berlin and Boston},
   edition     = {1},
   title       = {Epilog. {Zwischen} doxa und aletheia},
   isbn        = {978-3-11-061204-2},
   shorttitle  = {Epilog},
   url         = {https://doi.org/10.1515/9783110613773-014},
   language    = {German},
   booktitle   = {Philosophie zwischen {Sein} und {Sollen}. {Normative} {Theorie} und empirische {Forschung} im {Spannungsfeld}},
   publisher   = {Walter de Gruyter},
   author      = {Bauer, Alexander Max and Meyerhuber, Malte Ingo},
   editor      = {Bauer, Alexander Max and Meyerhuber, Malte Ingo},
   year        = {2019},
   pages       = {221--225}
}

@incollection{bauer_zur_2019,
   address     = {Berlin and Boston},
   edition     = {1},
   title       = {Zur {Grundlegung} empirisch informierter {Maße} der {Bedarfsgerechtigkeit}. {Zwei} {Desiderata} zwischen normativer {Theorie}, formaler {Modellierung} und empirischer {Sozialforschung}},
   isbn        = {978-3-11-061204-2},
   shorttitle  = {Zur {Grundlegung} empirisch informierter {Maße} der {Bedarfsgerechtigkeit}},
   url         = {https://doi.org/10.1515/9783110613773-013},
   language    = {German},
   booktitle   = {Philosophie zwischen {Sein} und {Sollen}. {Normative} {Theorie} und empirische {Forschung} im {Spannungsfeld}},
   publisher   = {Walter de Gruyter},
   author      = {Bauer, Alexander Max},
   editor      = {Bauer, Alexander Max and Meyerhuber, Malte Ingo},
   year        = {2019},
   pages       = {179--220}
}

@incollection{bauer_zwei_2019,
   address     = {Berlin and Boston},
   edition     = {1},
   title       = {Zwei {Welten} am {Rande} der {Kollision}. {Zum} {Verhältnis} von empirischer {Forschung} und normativer {Theorie}, insbesondere vor dem {Hintergrund} der {Ethik}},
   isbn        = {978-3-11-061204-2},
   shorttitle  = {Zwei {Welten} am {Rande} der {Kollision}},
   url         = {https://doi.org/10.1515/9783110613773-004},
   language    = {German},
   booktitle   = {Philosophie zwischen {Sein} und {Sollen}. {Normative} {Theorie} und empirische {Forschung} im {Spannungsfeld}},
   publisher   = {Walter de Gruyter},
   author      = {Bauer, Alexander Max and Meyerhuber, Malte Ingo},
   editor      = {Bauer, Alexander Max and Meyerhuber, Malte Ingo},
   year        = {2019},
   pages       = {13--37}
}

@incollection{bauer_einleitung_2019,
   address     = {Berlin and Boston},
   edition     = {1},
   title       = {Einleitung},
   isbn        = {978-3-11-061204-2},
   url         = {https://doi.org/10.1515/9783110613773-003},
   language    = {German},
   booktitle   = {Philosophie zwischen {Sein} und {Sollen}. {Normative} {Theorie} und empirische {Forschung} im {Spannungsfeld}},
   publisher   = {Walter de Gruyter},
   author      = {Bauer, Alexander Max and Meyerhuber, Malte Ingo},
   editor      = {Bauer, Alexander Max and Meyerhuber, Malte Ingo},
   year        = {2019},
   pages       = {1--11}
}

@incollection{bauer_vorwort_2019_1,
   address     = {Berlin and Boston},
   edition     = {1},
   title       = {Vorwort},
   isbn        = {978-3-11-061204-2},
   url         = {https://doi.org/10.1515/9783110613773-002},
   language    = {German},
   booktitle   = {Philosophie zwischen {Sein} und {Sollen}. {Normative} {Theorie} und empirische {Forschung} im {Spannungsfeld}},
   publisher   = {Walter de Gruyter},
   author      = {Bauer, Alexander Max and Meyerhuber, Malte Ingo},
   editor      = {Bauer, Alexander Max and Meyerhuber, Malte Ingo},
   year        = {2019},
   pages       = {XI--XII}
}

@book{bauer_philosophie_2019,
   address     = {Berlin and Boston},
   edition     = {1},
   title       = {Philosophie zwischen {Sein} und {Sollen}. {Normative} {Theorie} und empirische {Forschung} im {Spannungsfeld}},
   isbn        = {978-3-11-061204-2},
   shorttitle  = {Philosophie zwischen {Sein} und {Sollen}},
   url         = {https://doi.org/10.1515/9783110613773},
   language    = {German},
   publisher   = {Walter de Gruyter},
   editor      = {Bauer, Alexander Max and Meyerhuber, Malte Ingo},
   year        = {2019}
}

@incollection{bauer_wahrheit_2019,
   address     = {Oldenburg},
   edition     = {1},
   title       = {``{Wahrheit} ist, was uns verbindet''. {Den} {Absolventinnen} und {Absolventen} der {Fakultät} {IV} zum {Geleit}},
   isbn        = {978-3-8142-2378-0},
   shorttitle  = {``{Wahrheit} ist, was uns verbindet''},
   url         = {http://oops.uni-oldenburg.de/4574/},
   language    = {German},
   booktitle   = {Oldenburger {Jahrbuch} für {Philosophie} 2017/2018},
   publisher   = {BIS-Verlag},
   author      = {Bauer, Alexander Max},
   editor      = {Bauer, Alexander Max and Baratella, Nils},
   year        = {2019},
   pages       = {353--357}
}

@incollection{bauer_gerechtigkeit_2019,
   address     = {Oldenburg},
   edition     = {1},
   title       = {Gerechtigkeit und {Bedürfnis}. {Perspektiven} auf den {Begriff} des ``{Bedürfnisses}'' vor dem {Hintergrund} der {Bedarfsgerechtigkeit}},
   isbn        = {978-3-8142-2378-0},
   shorttitle  = {Gerechtigkeit und {Bedürfnis}},
   url         = {http://oops.uni-oldenburg.de/4571/},
   language    = {German},
   booktitle   = {Oldenburger {Jahrbuch} für {Philosophie} 2017/2018},
   publisher   = {BIS-Verlag},
   author      = {Bauer, Alexander Max},
   editor      = {Bauer, Alexander Max and Baratella, Nils},
   year        = {2019},
   pages       = {285-327}
}

@incollection{bauer_vorwort_2019,
   address     = {Oldenburg},
   edition     = {1},
   title       = {Vorwort},
   isbn        = {978-3-8142-2378-0},
   url         = {http://oops.uni-oldenburg.de/4557/},
   language    = {German},
   booktitle   = {Oldenburger {Jahrbuch} für {Philosophie} 2017/2018},
   publisher   = {BIS-Verlag},
   author      = {Bauer, Alexander Max and Baratella, Nils},
   editor      = {Bauer, Alexander Max and Baratella, Nils},
   year        = {2019},
   pages       = {5}
}

@book{bauer_oldenburger_2019,
   address     = {Oldenburg},
   edition     = {1},
   title       = {Oldenburger {Jahrbuch} für {Philosophie} 2017/2018},
   isbn        = {978-3-8142-2378-0},
   url         = {https://uol.de/philosophie/aktuelles/oldenburger-jahrbuch-fuer-philosophie/},
   language    = {German},
   publisher   = {BIS-Verlag},
   editor      = {Bauer, Alexander Max and Baratella, Nils},
   year        = {2019}
}

@report{bauer_sated_2018,
   address     = {Hamburg},
   title       = {Sated but {Thirsty}. {Towards} a {Multidimensional} {Measure} of {Need}-{Based} {Justice}},
   shorttitle  = {Sated but {Thirsty}},
   url         = {https://bedarfsgerechtigkeit.hsu-hh.de/dropbox/wp/wp2018-03_bauer_multidimensional_measurement_need-based_justice.pdf/view/},
   language    = {English},
   number      = {2018-03},
   institution = {Helmut-Schmidt-Universität, Universität der Bundeswehr Hamburg},
   author      = {Bauer, Alexander Max},
   year        = {2018}
}

@report{bauer_monotonie_2018,
   address     = {Hamburg},
   title       = {Monotonie und {Monotoniesensitivität} als {Desiderata} für {Maße} der {Bedarfsgerechtigkeit}. {Zu} zwei {Aspekten} der {Grundlegung} empirisch informierter {Maße} der {Bedarfsgerechtigkeit} zwischen normativer {Theorie}, formaler {Modellierung} und empirischer {Sozialforschung}},
   shorttitle  = {Monotonie und {Monotoniesensitivität} als {Desiderata} für {Maße} der {Bedarfsgerechtigkeit}},
   url         = {https://bedarfsgerechtigkeit.hsu-hh.de/dropbox/wp/2018-01.pdf/view/},
   language    = {German},
   number      = {2018-01},
   institution = {Helmut-Schmidt-Universität, Universität der Bundeswehr Hamburg},
   author      = {Bauer, Alexander Max},
   year        = {2018}
}

@report{weiss_needs_2017,
   address     = {Hamburg},
   title       = {Needs as {Reference} {Points}. {When} {Marginal} {Gains} to the {Poor} do not {Matter}},
   shorttitle  = {Needs as {Reference} {Points}},
   url         = {https://bedarfsgerechtigkeit.hsu-hh.de/dropbox/wp/2017-13.pdf/view/},
   language    = {English},
   number      = {2017-13},
   institution = {Helmut-Schmidt-Universität, Universität der Bundeswehr Hamburg},
   author      = {Weiß, Arne Robert and Bauer, Alexander Max and Traub, Stefan},
   year        = {2017}
}

@report{traub_measurement_2017,
   address     = {Hamburg},
   title       = {On the {Measurement} of {Need}-{Based} {Justice}},
   url         = {https://bedarfsgerechtigkeit.hsu-hh.de/dropbox/wp/2017-12.pdf/view/},
   language    = {English},
   number      = {2017-12},
   institution = {Helmut-Schmidt-Universität, Universität der Bundeswehr Hamburg},
   author      = {Traub, Stefan and Bauer, Alexander Max and Siebel, Mark and Springhorn, Nils and Weiß, Arne Robert},
   year        = {2017}
}

@article{bauer_axiomatic_2017,
   title       = {Axiomatic {Foundations} for {Metrics} of {Distributive} {Justice} {Shown} by the {Example} of {Needs}-{Based} {Justice}},
   volume      = {3},
   issn        = {2365-6492},
   url         = {https://nbn-resolving.org/urn:nbn:de:101:1-201705056843/},
   language    = {German},
   number      = {1},
   journal     = {forsch! -- Studentisches Online-Journal der Universität Oldenburg},
   author      = {Bauer, Alexander Max},
   year        = {2017},
   pages       = {43--60}
}

@article{bauer_axiomatische_2017,
   title       = {Axiomatische {Überlegungen} zu {Grundlagen} für {Maße} der {Verteilungsgerechtigkeit} am {Beispiel} von {Bedarfsgerechtigkeit}},
   volume      = {3},
   issn        = {2365-6492},
   url         = {https://nbn-resolving.org/urn:nbn:de:101:1-201705056831/},
   language    = {German},
   number      = {1},
   journal     = {forsch! -- Studentisches Online-Journal der Universität Oldenburg},
   author      = {Bauer, Alexander Max},
   year        = {2017},
   pages       = {23--41}
}

@article{bauer_ueber_2016,
   title       = {Über die {Frage}, ob wir uns dazu entscheiden können, etwas zu glauben. {Wider} eines idealisierten {Verständnisses} des doxastischen {Voluntarismus}},
   volume      = {2},
   issn        = {2365-6492},
   shorttitle  = {Über die {Frage}, ob wir uns dazu entscheiden können, etwas zu glauben},
   url         = {https://nbn-resolving.org/urn:nbn:de:101:1-201705064731/},
   language    = {German},
   number      = {2},
   journal     = {forsch! -- Studentisches Online-Journal der Universität Oldenburg},
   author      = {Bauer, Alexander Max and Meyerhuber, Malte Ingo},
   year        = {2016},
   pages       = {10--21}
}

@incollection{bauer_empirisch_2016,
   address     = {Oldenburg},
   edition     = {1},
   title       = {Empirisch informierte {Maße} der {Bedarfsgerechtigkeit}. {Zwischen} normativer {Theorie}, mathematischer {Formalisierung} und empirischer {Sozialforschung}},
   shorttitle  = {Empirisch informierte {Maße} der {Bedarfsgerechtigkeit}},
   url         = {https://uol.de/fileadmin/user_upload/flif/Konferenz2016/Broschur_Forschen_A4_Internet.pdf},
   language    = {German},
   booktitle   = {forschen@studium. {Tagungsband}},
   publisher   = {Behrens Druck und Verlagsgesellschaft},
   author      = {Bauer, Alexander Max},
   editor      = {Carl von Ossietzky Universität Oldenburg},
   year        = {2016},
   pages       = {18}
}
